<?xml version="1.0" encoding="UTF-8"?><record xmlns="http://www.loc.gov/MARC21/slim" xmlns:cinclude="http://apache.org/cocoon/include/1.0" xmlns:zs="http://www.loc.gov/zing/srw/">
  <leader>00331nz  a2200121n  4500</leader>
  <controlfield tag="001">nb 99012392 </controlfield>
  <controlfield tag="003">DLC</controlfield>
  <controlfield tag="005">19990127051752.7</controlfield>
  <controlfield tag="008">990126n| acannaab|          |n aaa     c</controlfield>
  <datafield tag="010" ind1=" " ind2=" ">
    <subfield code="a">nb 99012392 </subfield>
  </datafield>
  <datafield tag="040" ind1=" " ind2=" ">
    <subfield code="a">Uk</subfield>
    <subfield code="c">Uk</subfield>
  </datafield>
  <datafield tag="100" ind1="1" ind2="0">
    <subfield code="a">Murray, Stan,</subfield>
    <subfield code="d">1924-</subfield>
  </datafield>
  <datafield tag="670" ind1=" " ind2=" ">
    <subfield code="a">I never trailed my coat, 1998:</subfield>
    <subfield code="b">t.p. (Stan Murray) p.[7] (born 18 Feb. 1924)</subfield>
  </datafield>
</record>